<?xml version="1.0"?>
<marc:records xmlns:marc="http://www.loc.gov/MARC21/slim" xmlns:xsi="http://www.w3.org/2001/XMLSchema-instance" xsi:schemaLocation="http://www.loc.gov/MARC21/slim http://www.loc.gov/standards/marcxml/schema/MARC21slim.xsd">
  <marc:record>
    <marc:leader>05389ctm a2200673Ia 4500</marc:leader>
    <marc:controlfield tag="001">9954047143503681</marc:controlfield>
    <marc:controlfield tag="005">20200129114337.0</marc:controlfield>
    <marc:controlfield tag="008">120106s1756    ii p          000 p per d</marc:controlfield>
    <marc:datafield ind1=" " ind2=" " tag="035">
  <marc:subfield code="a">(OCoLC)771116111</marc:subfield>
</marc:datafield>
    <marc:datafield ind1=" " ind2=" " tag="035">
  <marc:subfield code="a">(OCoLC)ocn771116111</marc:subfield>
</marc:datafield>
    <marc:datafield ind1=" " ind2=" " tag="035">
  <marc:subfield code="a">(PU)5404714-penndb-Voyager</marc:subfield>
</marc:datafield>
    <marc:datafield ind1=" " ind2=" " tag="040">
  <marc:subfield code="a">PAULM</marc:subfield>
  <marc:subfield code="b">eng</marc:subfield>
  <marc:subfield code="c">PAULM</marc:subfield>
  <marc:subfield code="d">PAULM</marc:subfield>
  <marc:subfield code="d">OCLCA</marc:subfield>
  <marc:subfield code="d">PAULM</marc:subfield>
  <marc:subfield code="d">OCLCQ</marc:subfield>
  <marc:subfield code="d">OCLCF</marc:subfield>
  <marc:subfield code="d">PAU</marc:subfield>
</marc:datafield>
    <marc:datafield ind1="0" ind2="0" tag="245">
  <marc:subfield code="a">[Collection of Persian poetry].</marc:subfield>
</marc:datafield>
    <marc:datafield ind1=" " ind2=" " tag="260">
  <marc:subfield code="a">[India?],</marc:subfield>
  <marc:subfield code="c">[before 1756]</marc:subfield>
</marc:datafield>
    <marc:datafield ind1=" " ind2=" " tag="300">
  <marc:subfield code="a">351 leaves :</marc:subfield>
  <marc:subfield code="b">paper, illuminations ;</marc:subfield>
  <marc:subfield code="c">208 x 116 (132 x 68) mm bound to 208 x 130 mm</marc:subfield>
</marc:datafield>
    <marc:datafield ind1=" " ind2=" " tag="336">
  <marc:subfield code="a">text</marc:subfield>
  <marc:subfield code="b">txt</marc:subfield>
  <marc:subfield code="2">rdacontent</marc:subfield>
</marc:datafield>
    <marc:datafield ind1=" " ind2=" " tag="337">
  <marc:subfield code="a">unmediated</marc:subfield>
  <marc:subfield code="b">n</marc:subfield>
  <marc:subfield code="2">rdamedia</marc:subfield>
</marc:datafield>
    <marc:datafield ind1=" " ind2=" " tag="338">
  <marc:subfield code="a">volume</marc:subfield>
  <marc:subfield code="b">nc</marc:subfield>
  <marc:subfield code="2">rdacarrier</marc:subfield>
</marc:datafield>
    <marc:datafield ind1=" " ind2=" " tag="500">
  <marc:subfield code="a">Ms. codex.</marc:subfield>
</marc:datafield>
    <marc:datafield ind1=" " ind2=" " tag="500">
  <marc:subfield code="a">Title supplied by cataloger.</marc:subfield>
</marc:datafield>
    <marc:datafield ind1=" " ind2=" " tag="500">
  <marc:subfield code="a">Collation: Paper, i + 351 + ii; 1&#x2076; 2&#xB9;&#x2070;( -1) 3&#x2076; 4&#x2078; 5&#x2076; 6&#xB9;&#x2070;( -1) 7&#x2076; 8&#xB9;&#x2070;( -1) 9-12&#x2078; 13&#x2076; 14&#xB9;&#x2070;( -1) 15-29&#x2078; 30&#x2078;( -1) 31&#x2078; 32&#x2076; 33&#x2078;( -1) 34&#x2076; 35&#x2078; 36&#x2078;( -1) 37&#xB9;&#x2070;( -1) 38&#x2076; 39-40&#x2078; 41&#x2078;( -1) 42-43&#x2078; 44&#x2076; 45&#x2078;( -1) 46&#xB9;&#x2070;( -1). Diagonal catchwords on each leaf, lower left verso.</marc:subfield>
</marc:datafield>
    <marc:datafield ind1=" " ind2=" " tag="500">
  <marc:subfield code="a">Layout: Written mostly in 2 columns of 14 lines alternating between horizontal and diagonal, a few pages with long lines instead; text block framed in ink.</marc:subfield>
</marc:datafield>
    <marc:datafield ind1=" " ind2=" " tag="500">
  <marc:subfield code="a">Script: Written in nasta&#x2BB;li&#x304;q and naskh in black ink; pointed.</marc:subfield>
</marc:datafield>
    <marc:datafield ind1=" " ind2=" " tag="500">
  <marc:subfield code="a">Decoration: 3 illuminated headpieces (f. 1v, 18v, 339v); small illuminations in gold and red in the corners of text compartments throughout; text block border-ruled in gold and blue; leaf surfaces silver sprinkled.</marc:subfield>
</marc:datafield>
    <marc:datafield ind1=" " ind2=" " tag="500">
  <marc:subfield code="a">Binding: Contemporary (18th-century) red leather over pasteboard with flap (Type II); gilt-stamped central mandorla, two pendants on the vertical axis and a medallion along each edge; gold tooled frame; no spine, covers detached.</marc:subfield>
</marc:datafield>
    <marc:datafield ind1=" " ind2=" " tag="500">
  <marc:subfield code="a">Origin: Copy completed before 1756 or 1757 (date of 1170 A.H. in ownership stamp, f. 1r) by Muh&#x323;ammad &#x2BB;Ali&#x304; walad Qa&#x304;sim ibn Mawla&#x304;na&#x304; Muh&#x323;ammad Rid&#x323;a&#x304; (f. 351r), possibly in India.</marc:subfield>
</marc:datafield>
    <marc:datafield ind1=" " ind2=" " tag="520">
  <marc:subfield code="a">Collection of ghazals (love poems) and ruba&#x304;&#x2BB;i&#x304;ya&#x304;t (quatrains) with an introduction.</marc:subfield>
</marc:datafield>
    <marc:datafield ind1=" " ind2=" " tag="524">
  <marc:subfield code="a">UPenn LJS 44.</marc:subfield>
</marc:datafield>
    <marc:datafield ind1=" " ind2=" " tag="546">
  <marc:subfield code="a">Persian.</marc:subfield>
</marc:datafield>
    <marc:datafield ind1="1" ind2=" " tag="561">
  <marc:subfield code="a">Formerly owned by Anwa&#x304;r al-Dawlah, 1170 A.H. (ownership stamp with date of 1756 or 1757, f. 1r) and Abu&#x304; al-Faz&#x324;l ibn Ghiya&#x304;th al-Di&#x304;n Mans&#x323;u&#x304;r (inscription, f. 1r).</marc:subfield>
</marc:datafield>
    <marc:datafield ind1="1" ind2=" " tag="561">
  <marc:subfield code="a">Formerly owned by Captain Robert Mignan (ms. 20) of the East India Company and Sir Thomas Phillipps (ms. 3920; pencil note on front flyleaf, remnants of label on remnants of spine).</marc:subfield>
</marc:datafield>
    <marc:datafield ind1="1" ind2=" " tag="561">
  <marc:subfield code="a">Sold at auction at Sotheby's, 25 November 1968, lot 254, to Lawrence J. Schoenberg.</marc:subfield>
</marc:datafield>
    <marc:datafield ind1="1" ind2=" " tag="561">
  <marc:subfield code="a">Deposit by Lawrence J. Schoenberg and Barbara Brizdle, 2011.</marc:subfield>
</marc:datafield>
    <marc:datafield ind1="1" ind2=" " tag="561">
  <marc:subfield code="a">Gift of Barbara Brizdle Schoenberg, 2016.</marc:subfield>
</marc:datafield>
    <marc:datafield ind1="1" ind2=" " tag="561">
  <marc:subfield code="a">Formerly owned by Anwar al-Dawlah, 1170 A.H. (ownership stamp with date of 1756 or 1757, f. 1r) and Abu&#x304; al-Faz&#x324;l ibn Ghiya&#x304;th al-Di&#x304;n Mans&#x323;u&#x304;r (inscription, f. 1r).</marc:subfield>
</marc:datafield>
    <marc:datafield ind1=" " ind2=" " tag="590">
  <marc:subfield code="a">Lawrence J. Schoenberg &amp; Barbara Brizdle Manuscript Initiative.</marc:subfield>
</marc:datafield>
    <marc:datafield ind1=" " ind2="0" tag="650">
  <marc:subfield code="a">Persian poetry</marc:subfield>
  <marc:subfield code="v">Early works to 1800.</marc:subfield>
</marc:datafield>
    <marc:datafield ind1=" " ind2="0" tag="650">
  <marc:subfield code="a">Ghazals, Persian.</marc:subfield>
</marc:datafield>
    <marc:datafield ind1=" " ind2="0" tag="655">
  <marc:subfield code="a">Manuscripts, Persian.</marc:subfield>
</marc:datafield>
    <marc:datafield ind1=" " ind2="0" tag="655">
  <marc:subfield code="a">Manuscripts, 18th century.</marc:subfield>
</marc:datafield>
    <marc:datafield ind1=" " ind2="0" tag="655">
  <marc:subfield code="a">Manuscripts, Digital.</marc:subfield>
</marc:datafield>
    <marc:datafield ind1=" " ind2="7" tag="655">
  <marc:subfield code="a">Codices (bound manuscripts)</marc:subfield>
  <marc:subfield code="2">aat</marc:subfield>
</marc:datafield>
    <marc:datafield ind1=" " ind2="7" tag="655">
  <marc:subfield code="a">Illuminations (painting)</marc:subfield>
  <marc:subfield code="2">aat</marc:subfield>
</marc:datafield>
    <marc:datafield ind1=" " ind2="7" tag="655">
  <marc:subfield code="a">Poems.</marc:subfield>
  <marc:subfield code="2">aat</marc:subfield>
</marc:datafield>
    <marc:datafield ind1="1" ind2=" " tag="700">
  <marc:subfield code="6">880-01</marc:subfield>
  <marc:subfield code="a">Rid&#x323;a&#x304;, Muh&#x323;ammad &#x2BB;Ali&#x304; walad Qa&#x304;sim ibn Mawla&#x304;na&#x304; Muh&#x323;ammad,</marc:subfield>
  <marc:subfield code="e">scribe.</marc:subfield>
</marc:datafield>
    <marc:datafield ind1="1" ind2=" " tag="700">
  <marc:subfield code="6">880-02</marc:subfield>
  <marc:subfield code="a">Dawlah, Anwa&#x304;r,</marc:subfield>
  <marc:subfield code="d">active 1756,</marc:subfield>
  <marc:subfield code="e">former owner.</marc:subfield>
</marc:datafield>
    <marc:datafield ind1="1" ind2=" " tag="700">
  <marc:subfield code="6">880-03</marc:subfield>
  <marc:subfield code="a">Mans&#x323;u&#x304;r, Abu&#x304; al-Faz&#x324;l ibn Ghiya&#x304;th al-Di&#x304;n,</marc:subfield>
  <marc:subfield code="e">former owner.</marc:subfield>
</marc:datafield>
    <marc:datafield ind1="1" ind2=" " tag="700">
  <marc:subfield code="a">Mignan, Robert,</marc:subfield>
  <marc:subfield code="d">-1852,</marc:subfield>
  <marc:subfield code="e">former owner.</marc:subfield>
</marc:datafield>
    <marc:datafield ind1="1" ind2=" " tag="700">
  <marc:subfield code="a">Phillipps, Thomas,</marc:subfield>
  <marc:subfield code="c">Sir,</marc:subfield>
  <marc:subfield code="d">1792-1872,</marc:subfield>
  <marc:subfield code="e">former owner.</marc:subfield>
</marc:datafield>
    <marc:datafield ind1="1" ind2=" " tag="700">
  <marc:subfield code="a">Schoenberg, Lawrence J.,</marc:subfield>
  <marc:subfield code="e">former owner.</marc:subfield>
</marc:datafield>
    <marc:datafield ind1=" " ind2=" " tag="852">
  <marc:subfield code="b">Kislak Center for Special Collections, Rare Books and Manuscripts</marc:subfield>
  <marc:subfield code="a">University of Pennsylvania</marc:subfield>
  <marc:subfield code="e">3420 Walnut Street, Philadelphia, Pennsylvania 19104-6206.</marc:subfield>
  <marc:subfield code="j">LJS 44</marc:subfield>
</marc:datafield>
    <marc:datafield ind1="4" ind2="1" tag="856">
  <marc:subfield code="z">Facsimile</marc:subfield>
  <marc:subfield code="u">http://hdl.library.upenn.edu/1017/d/medren/5404714</marc:subfield>
</marc:datafield>
    <marc:datafield ind1="4" ind2="2" tag="856">
  <marc:subfield code="3">The Lawrence J. Schoenberg and Barbara Brizdle Manuscript Initiative Fund Home Page</marc:subfield>
  <marc:subfield code="u">http://hdl.library.upenn.edu/1017.12/366278</marc:subfield>
</marc:datafield>
    <marc:datafield ind1="1" ind2=" " tag="880">
  <marc:subfield code="6">700-01//r</marc:subfield>
  <marc:subfield code="a">&#x631;&#x636;&#x627;&#x60C; &#x645;&#x62D;&#x645;&#x62F; &#x639;&#x644;&#x64A; &#x648;&#x644;&#x62F; &#x642;&#x627;&#x633;&#x645; &#x628;&#x646; &#x645;&#x648;&#x644;&#x627;&#x646;&#x627; &#x645;&#x62D;&#x645;&#x62F;&#x60C;</marc:subfield>
  <marc:subfield code="e">scribe.</marc:subfield>
</marc:datafield>
    <marc:datafield ind1="1" ind2=" " tag="880">
  <marc:subfield code="6">700-02//r</marc:subfield>
  <marc:subfield code="a">&#x62F;&#x648;&#x644;&#x629;&#x60C; &#x627;&#x646;&#x648;&#x627;&#x631;&#x60C;</marc:subfield>
  <marc:subfield code="d">active 1756&#x60C;</marc:subfield>
  <marc:subfield code="e">former owner.</marc:subfield>
</marc:datafield>
    <marc:datafield ind1="1" ind2=" " tag="880">
  <marc:subfield code="6">700-03//r</marc:subfield>
  <marc:subfield code="a">&#x645;&#x646;&#x635;&#x648;&#x631;&#x60C; &#x627;&#x628;&#x648; &#x627;&#x644;&#x641;&#x627;&#x636;&#x644; &#x628;&#x646; &#x63A;&#x64A;&#x627;&#x62B; &#x627;&#x644;&#x62F;&#x64A;&#x646;&#x60C;</marc:subfield>
  <marc:subfield code="e">former owner.</marc:subfield>
</marc:datafield>
    <marc:datafield ind1=" " ind2=" " tag="994">
  <marc:subfield code="a">C0</marc:subfield>
  <marc:subfield code="b">PAULM</marc:subfield>
</marc:datafield>
    <marc:datafield ind1=" " ind2=" " tag="996">
  <marc:subfield code="a">hinge-right</marc:subfield>
</marc:datafield>
    <marc:datafield ind1=" " ind2=" " tag="999">
  <marc:subfield code="a">DLA</marc:subfield>
  <marc:subfield code="b">20140218</marc:subfield>
</marc:datafield>
    <marc:holdings>
      <marc:holding>
        <marc:holding_id>22329560080003681</marc:holding_id>
        <marc:call_number>LJS 44</marc:call_number>
        <marc:library>KislakCntr</marc:library>
        <marc:location>scmss</marc:location>
      </marc:holding>
    </marc:holdings>
  </marc:record>
</marc:records>
